

@article{jones_efficient_1998,
	title = {Efficient Global Optimization of Expensive Black-Box Functions},
	volume = {13},
	issn = {0925-5001},
	number = {4},
	journal = {Journal of Global Optimization},
	author = {Jones, Donald R. and Schonlau, Matthias and Welch, William J.},
	month = dec,
	year = {1998},
	keywords = {important, nice, to-read},
	pages = {455--492}
},

@book{rasmussen_gaussian_2006,
	series = {Adaptative computation and machine learning series},
	title = {Gaussian Processes for Machine Learning},
	isbn = {9780262182539},
	publisher = {{MIT} Press},
	author = {Rasmussen, Carl Edward and Williams, Christopher K. I.},
	year = {2006}
},

@article{neal_slice_2003,
	title = {Slice sampling},
	volume = {31},
	issn = {0090-5364},
	doi = {10.1214/aos/1056562461},
	number = {3},
	urldate = {2013-05-02},
	journal = {The Annals of Statistics},
	author = {Neal, Radford M.},
	month = jun,
	year = {2003},
	pages = {705--767}
}


@inproceedings{bajer_model_2013,
	address = {Amsterdam, Netherlands},
	title = {Model Guided Sampling Optimization with Gaussian Processes for Expensive Black-Box Optimization},
	booktitle = {{GECCO} '13 Proceedings},
	publisher = {{ACM}, New York},
	author = {Bajer, Lukáš and Charypar, Viktor and Holeňa, Martin},
	year = {2013}
}


@book{larranaga_estimation_2002,
	title = {Estimation of distribution algorithms: A new tool for evolutionary computation},
	publisher = {Kluwer},
	author = {Larrañaga, P. and Lozano, J. A},
	year = {2002}
}

@techreport{hansen_real_2009,
  author = {Hansen, N. and Finck, S. and Ros, R. and Auger, A.},
  title = {Real-Parameter Black-Box Optimization Benchmarking 2009: Noiseless Functions Definitions},
  institution = {INRIA},
  year = {2009},
  number = {RR-6829},
  note = {Updated February 2010},
  country = {France},
  url = {http://coco.gforge.inria.fr/bbob2012-downloads}
}


@article{buche_accelerating_2005,
	title = {Accelerating evolutionary algorithms with Gaussian process fitness function models},
	volume = {35},
	issn = {1094-6977},
	doi = {10.1109/TSMCC.2004.841917},
	number = {2},
	journal = {{IEEE} Transactions on Systems, Man, and Cybernetics, Part C: Applications and Reviews},
	author = {Buche, D. and Schraudolph, {N.N.} and Koumoutsakos, P.},
	year = {2005},
	keywords = {important, nice},
	pages = {183--194}
}


@article{geman_stochastic_1984,
	title={Stochastic Relaxation, {G}ibbs Distributions, and the {B}ayesian Restoration of Images},
	volume={PAMI-6},
	ISSN={0162-8828},
	DOI={10.1109/TPAMI.1984.4767596},
	number={6},
	journal={IEEE Transactions on Pattern Analysis and Machine Intelligence},
	author={Geman, Stuart and Geman, D.},
	year={1984},
	pages={721--741}
}


@article{jin_comprehensive_2005,
	title = {A comprehensive survey of fitness approximation in evolutionary computation},
	volume = {9},
	issn = {1432-7643, 1433-7479},
	doi = {10.1007/s00500-003-0328-5},
	language = {en},
	number = {1},
	urldate = {2013-06-05},
	journal = {Soft Computing},
	author = {Jin, Y.},
	month = jan,
	year = {2005},
	pages = {3--12}
}


@article{hansen_completely_2001,
	title = {Completely Derandomized Self-Adaptation in Evolution Strategies},
	volume = {9},
	issn = {1063-6560},
	doi = {10.1162/106365601750190398},
	number = {2},
	journal = {Evolutionary Computation},
	author = {Hansen, Nikolaus and Ostermeier, Andreas},
	month = jun,
	year = {2001},
	pages = {159--195}
}


@article{hennig_entropy_2012,
	title = {Entropy Search for Information-Efficient Global Optimization},
	volume = {13},
	issn = {1532-4435},
	journal = {J. Mach. Learn. Res.},
	author = {Hennig, Philipp and Schuler, Christian J.},
	month = jun,
	year = {2012},
	pages = {1809–1837}
}

