@article{jones01taxonomy,
  author   = "Jones, D.R.",
  journal  = "Journal of Global Optimization",
  pages    = "345--383",
  title    = "A Taxonomy of Global Optimization Methods Based on Response Surfaces",
  volume   = 21,
  year     = 2001
}

@article{molga05functions,
  title={Test functions for optimization needs},
  author={Molga, M. and Smutnicki, C.},
  journal={Test functions for optimization needs},
  year={2005}
}

@book{rasmussen2006gaussian,
  title={Gaussian Processes for Machine Learning},
  ISBN={9780262182539},
  publisher={MIT Press},
  author={Rasmussen, Carl Edward and Williams, Christopher K. I.},
  year={2006}
}

@book{pelikan2006scalable,
  series={Studies in Computational Intelligence},
  title={Scalable Optimization via Probabilistic Modeling},
  volume={33},
  ISBN={978-3-540-34953-2},
  url={http://dx.doi.org/10.1007/978-3-540-34954-9},
  publisher={Springer},
  author={Pelikan, Martin and Sastry, Kumara and Cant\'{u}-Paz, Erick},
  year={2006}
}

@article{geman1984stochastic,
  title={Stochastic Relaxation, {G}ibbs Distributions, and the {B}ayesian Restoration of Images},
  volume={PAMI-6},
  ISSN={0162-8828},
  DOI={10.1109/TPAMI.1984.4767596},
  number={6},
  journal={IEEE Transactions on Pattern Analysis and Machine Intelligence},
  author={Geman, Stuart and Geman, D.},
  year={1984},
  pages={721--741}
}

@techreport{hansen2012fun,
  author = {Hansen, N. and Finck, S. and Ros, R. and Auger, A.},
  title = {Real-Parameter Black-Box Optimization Benchmarking 2009: Noiseless
	Functions Definitions},
  institution = {INRIA},
  year = {2009},
  number = {RR-6829},
  note = {Updated February 2010},
  country = {France},
  url = {http://coco.gforge.inria.fr/bbob2012-downloads}
}

@article{hennig12entropy,
  title = {Entropy Search for Information-Efficient Global Optimization},
  volume = {13},
  issn = {1532-4435},
  journal = {J. Mach. Learn. Res.},
  author = {Hennig, Philipp and Schuler, Christian J.},
  year = {2012},
  pages = {1809--1837}
}

